@article{Jinno:2018jov,
      author         = "Jinno, Ryusuke",
      title          = "{Machine learning for bounce calculation}",
      year           = "2018",
      eprint         = "1805.12153",
      archivePrefix  = "arXiv",
      primaryClass   = "hep-th",
      SLACcitation   = "%%CITATION = ARXIV:1805.12153;%%"
}

@article{Espinosa:2018hue,
      author         = "Espinosa, J. R.",
      title          = "{A Fresh Look at the Calculation of Tunneling Actions}",
      year           = "2018",
      eprint         = "1805.03680",
      archivePrefix  = "arXiv",
      primaryClass   = "hep-th",
      SLACcitation   = "%%CITATION = ARXIV:1805.03680;%%"
}

@article{Guada:2018jek,
      author         = "Guada, Victor and Maiezza, Alessio and Nemev≈°ek, Miha",
      title          = "{Polygonal bounces}",
      year           = "2018",
      eprint         = "1803.02227",
      archivePrefix  = "arXiv",
      primaryClass   = "hep-th",
      SLACcitation   = "%%CITATION = ARXIV:1803.02227;%%"
}

@book{Press:1992:NRC:148286,
      author = {Press, William H. and Teukolsky, Saul A. and Vetterling, William T. and Flannery, Brian P.},
      title = {Numerical Recipes in C: The Art of Scientific Computing},
      edition = {Second},
      year = {1992},
      isbn = {0-521-43108-5},
      publisher = {Cambridge University Press},
      address = {New York, NY, USA},
}

@article{Patel:2011th,
      author         = "Patel, Hiren H. and Ramsey-Musolf, Michael J.",
      title          = "{Baryon Washout, Electroweak Phase Transition, and
                        Perturbation Theory}",
      journal        = "JHEP",
      volume         = "07",
      year           = "2011",
      pages          = "029",
      doi            = "10.1007/JHEP07(2011)029",
      eprint         = "1101.4665",
      archivePrefix  = "arXiv",
      primaryClass   = "hep-ph",
      SLACcitation   = "%%CITATION = ARXIV:1101.4665;%%"
}



@article{Abbott:2016blz,
      author         = "Abbott, B. P. and others",
      title          = "{Observation of Gravitational Waves from a Binary Black
                        Hole Merger}",
      collaboration  = "Virgo, LIGO Scientific",
      journal        = "Phys. Rev. Lett.",
      volume         = "116",
      year           = "2016",
      number         = "6",
      pages          = "061102",
      doi            = "10.1103/PhysRevLett.116.061102",
      eprint         = "1602.03837",
      archivePrefix  = "arXiv",
      primaryClass   = "gr-qc",
      reportNumber   = "LIGO-P150914",
      SLACcitation   = "%%CITATION = ARXIV:1602.03837;%%"
}



@article{Croon:2018new,
      author         = "Croon, Djuna and White, Graham",
      title          = "{Exotic Gravitational Wave Signatures from Simultaneous
                        Phase Transitions}",
      year           = "2018",
      eprint         = "1803.05438",
      archivePrefix  = "arXiv",
      primaryClass   = "hep-ph",
      SLACcitation   = "%%CITATION = ARXIV:1803.05438;%%"
}



@article{Hashino:2018zsi,
      author         = "Hashino, Katsuya and Kakizaki, Mitsuru and Kanemura,
                        Shinya and Ko, Pyungwon and Matsui, Toshinori",
      title          = "{Gravitational waves from first order electroweak phase
                        transition in models with the $U(1)_X^{}$ gauge symmetry}",
      year           = "2018",
      eprint         = "1802.02947",
      archivePrefix  = "arXiv",
      primaryClass   = "hep-ph",
      reportNumber   = "UT-HET-123, OU-HET-957, KIAS-P18013",
      SLACcitation   = "%%CITATION = ARXIV:1802.02947;%%"
}



@article{Chala:2018ari,
      author         = "Chala, Mikael and Krause, Claudius and Nardini, Germano",
      title          = "{Signals of the electroweak phase transition at colliders
                        and gravitational wave observatories}",
      year           = "2018",
      eprint         = "1802.02168",
      archivePrefix  = "arXiv",
      primaryClass   = "hep-ph",
      SLACcitation   = "%%CITATION = ARXIV:1802.02168;%%"
}



@article{Chen:2017cyc,
      author         = "Chen, Yidian and Huang, Mei and Yan, Qi-Shu",
      title          = "{Gravitation waves from QCD and electroweak phase
                        transitions}",
      year           = "2017",
      eprint         = "1712.03470",
      archivePrefix  = "arXiv",
      primaryClass   = "hep-ph",
      SLACcitation   = "%%CITATION = ARXIV:1712.03470;%%"
}



@article{Kang:2017mkl,
      author         = "Kang, Zhaofeng and Ko, P. and Matsui, Toshinori",
      title          = "{Strong first order EWPT \& strong gravitational waves in
                        Z$_{3}$-symmetric singlet scalar extension}",
      journal        = "JHEP",
      volume         = "02",
      year           = "2018",
      pages          = "115",
      doi            = "10.1007/JHEP02(2018)115",
      eprint         = "1706.09721",
      archivePrefix  = "arXiv",
      primaryClass   = "hep-ph",
      reportNumber   = "KIAS-P17047",
      SLACcitation   = "%%CITATION = ARXIV:1706.09721;%%"
}



@article{Iso:2017uuu,
      author         = "Iso, Satoshi and Serpico, Pasquale D. and Shimada, Kengo",
      title          = "{QCD-Electroweak First-Order Phase Transition in a
                        Supercooled Universe}",
      journal        = "Phys. Rev. Lett.",
      volume         = "119",
      year           = "2017",
      number         = "14",
      pages          = "141301",
      doi            = "10.1103/PhysRevLett.119.141301",
      eprint         = "1704.04955",
      archivePrefix  = "arXiv",
      primaryClass   = "hep-ph",
      reportNumber   = "KEK-TH-1969, LAPTH-008-17",
      SLACcitation   = "%%CITATION = ARXIV:1704.04955;%%"
}



@article{Kobakhidze:2017mru,
      author         = "Kobakhidze, Archil and Lagger, Cyril and Manning, Adrian
                        and Yue, Jason",
      title          = "{Gravitational waves from a supercooled electroweak phase
                        transition and their detection with pulsar timing arrays}",
      journal        = "Eur. Phys. J.",
      volume         = "C77",
      year           = "2017",
      number         = "8",
      pages          = "570",
      doi            = "10.1140/epjc/s10052-017-5132-y",
      eprint         = "1703.06552",
      archivePrefix  = "arXiv",
      primaryClass   = "hep-ph",
      SLACcitation   = "%%CITATION = ARXIV:1703.06552;%%"
}



@article{Beniwal:2017eik,
      author         = "Beniwal, Ankit and Lewicki, Marek and Wells, James D. and
                        White, Martin and Williams, Anthony G.",
      title          = "{Gravitational wave, collider and dark matter signals
                        from a scalar singlet electroweak baryogenesis}",
      journal        = "JHEP",
      volume         = "08",
      year           = "2017",
      pages          = "108",
      doi            = "10.1007/JHEP08(2017)108",
      eprint         = "1702.06124",
      archivePrefix  = "arXiv",
      primaryClass   = "hep-ph",
      reportNumber   = "ADP-17-08-T1014, ADP--17--08-T1014",
      SLACcitation   = "%%CITATION = ARXIV:1702.06124;%%"
}



@article{Chao:2017vrq,
      author         = "Chao, Wei and Guo, Huai-Ke and Shu, Jing",
      title          = "{Gravitational Wave Signals of Electroweak Phase
                        Transition Triggered by Dark Matter}",
      journal        = "JCAP",
      volume         = "1709",
      year           = "2017",
      number         = "09",
      pages          = "009",
      doi            = "10.1088/1475-7516/2017/09/009",
      eprint         = "1702.02698",
      archivePrefix  = "arXiv",
      primaryClass   = "hep-ph",
      SLACcitation   = "%%CITATION = ARXIV:1702.02698;%%"
}



@article{Wan:2018udw,
      author         = "Wan, Youping and Imtiaz, Batool and Cai, Yi-Fu",
      title          = "{Cosmological phase transitions and gravitational waves
                        in the singlet Majoron model}",
      year           = "2018",
      eprint         = "1804.05835",
      archivePrefix  = "arXiv",
      primaryClass   = "hep-ph",
      SLACcitation   = "%%CITATION = ARXIV:1804.05835;%%"
}



@article{Huber:2008hg,
      author         = "Huber, Stephan J. and Konstandin, Thomas",
      title          = "{Gravitational Wave Production by Collisions: More
                        Bubbles}",
      journal        = "JCAP",
      volume         = "0809",
      year           = "2008",
      pages          = "022",
      doi            = "10.1088/1475-7516/2008/09/022",
      eprint         = "0806.1828",
      archivePrefix  = "arXiv",
      primaryClass   = "hep-ph",
      SLACcitation   = "%%CITATION = ARXIV:0806.1828;%%"
}



@article{Hindmarsh:2017gnf,
      author         = "Hindmarsh, Mark and Huber, Stephan J. and Rummukainen,
                        Kari and Weir, David J.",
      title          = "{Shape of the acoustic gravitational wave power spectrum
                        from a first order phase transition}",
      journal        = "Phys. Rev.",
      volume         = "D96",
      year           = "2017",
      number         = "10",
      pages          = "103520",
      doi            = "10.1103/PhysRevD.96.103520",
      eprint         = "1704.05871",
      archivePrefix  = "arXiv",
      primaryClass   = "astro-ph.CO",
      reportNumber   = "HIP-2017-02-TH",
      SLACcitation   = "%%CITATION = ARXIV:1704.05871;%%"
}



@article{Jinno:2017fby,
      author         = "Jinno, Ryusuke and Takimoto, Masahiro",
      title          = "{Gravitational waves from bubble dynamics: Beyond the
                        Envelope}",
      year           = "2017",
      eprint         = "1707.03111",
      archivePrefix  = "arXiv",
      primaryClass   = "hep-ph",
      reportNumber   = "CTPU-17-26, KEK-TH-1986",
      SLACcitation   = "%%CITATION = ARXIV:1707.03111;%%"
}



@article{Hindmarsh:2016lnk,
      author         = "Hindmarsh, Mark",
      title          = "{Sound shell model for acoustic gravitational wave
                        production at a first-order phase transition in the early
                        Universe}",
      journal        = "Phys. Rev. Lett.",
      volume         = "120",
      year           = "2018",
      number         = "7",
      pages          = "071301",
      doi            = "10.1103/PhysRevLett.120.071301",
      eprint         = "1608.04735",
      archivePrefix  = "arXiv",
      primaryClass   = "astro-ph.CO",
      SLACcitation   = "%%CITATION = ARXIV:1608.04735;%%"
}



@article{Konstandin:2017sat,
      author         = "Konstandin, T.",
      title          = "{Gravitational radiation from a bulk flow model}",
      journal        = "JCAP",
      volume         = "1803",
      year           = "2018",
      number         = "03",
      pages          = "047",
      doi            = "10.1088/1475-7516/2018/03/047",
      eprint         = "1712.06869",
      archivePrefix  = "arXiv",
      primaryClass   = "astro-ph.CO",
      reportNumber   = "DESY-17-227",
      SLACcitation   = "%%CITATION = ARXIV:1712.06869;%%"
}



@article{Weir:2017wfa,
      author         = "Weir, David J.",
      title          = "{Gravitational waves from a first order electroweak phase
                        transition: a brief review}",
      booktitle      = "{Proceedings, Higgs cosmology: Theo Murphy meeting:
                        Buckinghamshire, UK, March 27-28, 2017}",
      journal        = "Phil. Trans. Roy. Soc. Lond.",
      volume         = "A376",
      year           = "2018",
      number         = "2114",
      pages          = "20170126",
      doi            = "10.1098/rsta.2017.0126",
      eprint         = "1705.01783",
      archivePrefix  = "arXiv",
      primaryClass   = "hep-ph",
      reportNumber   = "HIP-2017-06-TH",
      SLACcitation   = "%%CITATION = ARXIV:1705.01783;%%"
}



@article{Andreassen:2017rzq,
      author         = "Andreassen, Anders and Frost, William and Schwartz,
                        Matthew D.",
      title          = "{Scale Invariant Instantons and the Complete Lifetime of
                        the Standard Model}",
      journal        = "Phys. Rev.",
      volume         = "D97",
      year           = "2018",
      number         = "5",
      pages          = "056006",
      doi            = "10.1103/PhysRevD.97.056006",
      eprint         = "1707.08124",
      archivePrefix  = "arXiv",
      primaryClass   = "hep-ph",
      SLACcitation   = "%%CITATION = ARXIV:1707.08124;%%"
}


@article{Linde:1981zj,
      author         = "Linde, Andrei D.",
      title          = "{Decay of the False Vacuum at Finite Temperature}",
      journal        = "Nucl. Phys.",
      volume         = "B216",
      year           = "1983",
      pages          = "421",
      doi            = "10.1016/0550-3213(83)90293-6",
      note           = "[Erratum: \href{https://doi.org/10.1016/0550-3213(83)90072-X}{Nucl. Phys. B223, 544 (1983)}]",
      reportNumber   = "LEBEDEV-81-265",
      SLACcitation   = "%%CITATION = NUPHA,B216,421;%%"
}

@article{Aravind:2014pva,
      author         = "Aravind, Aditya and DiNunno, Brandon S. and Lorshbough,
                        Dustin and Paban, Sonia",
      title          = "{Analyzing multifield tunneling with exact bounce
                        solutions}",
      journal        = "Phys. Rev.",
      volume         = "D91",
      year           = "2015",
      number         = "2",
      pages          = "025026",
      doi            = "10.1103/PhysRevD.91.025026",
      eprint         = "1412.3160",
      archivePrefix  = "arXiv",
      primaryClass   = "hep-th",
      reportNumber   = "UTTG-26-14, TCC-026-14, MIT-CTP-4615",
      SLACcitation   = "%%CITATION = ARXIV:1412.3160;%%"
}

@article{Akula:2016gpl,
      author         = "Akula, Sujeet and Bal\'azs, Csaba and White, Graham A.",
      title          = "{Semi-analytic techniques for calculating bubble wall
                        profiles}",
      journal        = "Eur. Phys. J.",
      volume         = "C76",
      year           = "2016",
      number         = "12",
      pages          = "681",
      doi            = "10.1140/epjc/s10052-016-4519-5",
      eprint         = "1608.00008",
      archivePrefix  = "arXiv",
      primaryClass   = "hep-ph",
      reportNumber   = "COEPP-MN-16-19",
      SLACcitation   = "%%CITATION = ARXIV:1608.00008;%%"
}

@article{Akula:2017yfr,
      author         = "Akula, Sujeet and Bal√°zs, Csaba and Dunn, Liam and
                        White, Graham",
      title          = "{Electroweak baryogenesis in the $ {\mathbb{Z}}_3 $
                        -invariant NMSSM}",
      journal        = "JHEP",
      volume         = "11",
      year           = "2017",
      pages          = "051",
      doi            = "10.1007/JHEP11(2017)051",
      eprint         = "1706.09898",
      archivePrefix  = "arXiv",
      primaryClass   = "hep-ph",
      SLACcitation   = "%%CITATION = ARXIV:1706.09898;%%"
}

@article{Balazs:2016yvi,
      author         = "Balazs, Csaba and White, Graham and Yue, Jason",
      title          = "{Effective field theory, electric dipole moments and
                        electroweak baryogenesis}",
      journal        = "JHEP",
      volume         = "03",
      year           = "2017",
      pages          = "030",
      doi            = "10.1007/JHEP03(2017)030",
      eprint         = "1612.01270",
      archivePrefix  = "arXiv",
      primaryClass   = "hep-ph",
      SLACcitation   = "%%CITATION = ARXIV:1612.01270;%%"
}

@article{Balazs:2013cia,
      author         = "Bal√°zs, Csaba and Mazumdar, Anupam and Pukartas,
                        Ernestas and White, Graham",
      title          = "{Baryogenesis, dark matter and inflation in the
                        Next-to-Minimal Supersymmetric Standard Model}",
      journal        = "JHEP",
      volume         = "01",
      year           = "2014",
      pages          = "073",
      doi            = "10.1007/JHEP01(2014)073",
      eprint         = "1309.5091",
      archivePrefix  = "arXiv",
      primaryClass   = "hep-ph",
      SLACcitation   = "%%CITATION = ARXIV:1309.5091;%%"
}


@article{deVries:2017ncy,
      author         = "de Vries, Jordy and Postma, Marieke and van de Vis,
                        Jorinde and White, Graham",
      title          = "{Electroweak Baryogenesis and the Standard Model
                        Effective Field Theory}",
      journal        = "JHEP",
      volume         = "01",
      year           = "2018",
      pages          = "089",
      doi            = "10.1007/JHEP01(2018)089",
      eprint         = "1710.04061",
      archivePrefix  = "arXiv",
      primaryClass   = "hep-ph",
      reportNumber   = "Nikhef-2017-044",
      SLACcitation   = "%%CITATION = ARXIV:1710.04061;%%"
}


@book{White:2016nbo,
      author         = "White, Graham Albert",
      title          = "{A Pedagogical Introduction to Electroweak Baryogenesis}",
      publisher      = "Morgan \& Claypool",
      year           = "2016",
      series         = "IOP Concise Physics",
      doi            = "10.1088/978-1-6817-4457-5",
      ISBN           = "9781681744568, 9781681744575",
      SLACcitation   = "%%CITATION = INSPIRE-1502171;%%"
}



%% competitors

@article{Kusenko:1995jv,
      author         = "Kusenko, Alexander",
      title          = "{Improved action method for analyzing tunneling in
                        quantum field theory}",
      journal        = "Phys. Lett.",
      volume         = "B358",
      year           = "1995",
      pages          = "51-55",
      doi            = "10.1016/0370-2693(95)00994-V",
      eprint         = "hep-ph/9504418",
      archivePrefix  = "arXiv",
      primaryClass   = "hep-ph",
      reportNumber   = "UPR-0656-T",
      SLACcitation   = "%%CITATION = HEP-PH/9504418;%%"
}
@article{Claudson:1983et,
      author         = "Claudson, Mark and Hall, Lawrence J. and Hinchliffe, Ian",
      title          = "{Low-Energy Supergravity: False Vacua and Vacuous
                        Predictions}",
      journal        = "Nucl. Phys.",
      volume         = "B228",
      year           = "1983",
      pages          = "501-528",
      doi            = "10.1016/0550-3213(83)90556-4",
      reportNumber   = "LBL-15948, UCB-PTH-83/6",
      SLACcitation   = "%%CITATION = NUPHA,B228,501;%%"
}


@article{Cline:1999wi,
      author         = "Cline, James M. and Moore, Guy D. and Servant, Geraldine",
      title          = "{Was the electroweak phase transition preceded by a color
                        broken phase?}",
      journal        = "Phys. Rev.",
      volume         = "D60",
      year           = "1999",
      pages          = "105035",
      doi            = "10.1103/PhysRevD.60.105035",
      eprint         = "hep-ph/9902220",
      archivePrefix  = "arXiv",
      primaryClass   = "hep-ph",
      reportNumber   = "MCGILL-99-01",
      SLACcitation   = "%%CITATION = HEP-PH/9902220;%%"
}

@article{Cline:1998rc,
      author         = "Cline, James M. and Espinosa, J. R. and Moore, Guy D. and
                        Riotto, Antonio",
      title          = "{String mediated electroweak baryogenesis: A Critical
                        analysis}",
      journal        = "Phys. Rev.",
      volume         = "D59",
      year           = "1999",
      pages          = "065014",
      doi            = "10.1103/PhysRevD.59.065014",
      eprint         = "hep-ph/9810261",
      archivePrefix  = "arXiv",
      primaryClass   = "hep-ph",
      reportNumber   = "CERN-TH-98-306, IEM-FT-182, MCGILL-98-24",
      SLACcitation   = "%%CITATION = HEP-PH/9810261;%%"
}

@article{Konstandin:2006nd,
      author         = "Konstandin, Thomas and Huber, Stephan J.",
      title          = "{Numerical approach to multi dimensional phase
                        transitions}",
      journal        = "JCAP",
      volume         = "0606",
      year           = "2006",
      pages          = "021",
      doi            = "10.1088/1475-7516/2006/06/021",
      eprint         = "hep-ph/0603081",
      archivePrefix  = "arXiv",
      primaryClass   = "hep-ph",
      reportNumber   = "CERN-PH-TH-2006-041",
      SLACcitation   = "%%CITATION = HEP-PH/0603081;%%"
}


@article{Wainwright:2011kj,
      author         = "Wainwright, Carroll L.",
      title          = "{CosmoTransitions: Computing Cosmological Phase
                        Transition Temperatures and Bubble Profiles with Multiple
                        Fields}",
      journal        = "Comput. Phys. Commun.",
      volume         = "183",
      year           = "2012",
      pages          = "2006-2013",
      doi            = "10.1016/j.cpc.2012.04.004",
      eprint         = "1109.4189",
      archivePrefix  = "arXiv",
      primaryClass   = "hep-ph",
      SLACcitation   = "%%CITATION = ARXIV:1109.4189;%%"
}

@article{Dasgupta:1996qu,
      author         = "Dasgupta, Indranil",
      title          = "{Estimating vacuum tunneling rates}",
      journal        = "Phys. Lett.",
      volume         = "B394",
      year           = "1997",
      pages          = "116-122",
      doi            = "10.1016/S0370-2693(96)01685-1",
      eprint         = "hep-ph/9610403",
      archivePrefix  = "arXiv",
      primaryClass   = "hep-ph",
      reportNumber   = "BUHEP-96-31",
      SLACcitation   = "%%CITATION = HEP-PH/9610403;%%"
}

@article{Coleman:1987rm,
      author         = "Coleman, Sidney R.",
      title          = "{Quantum Tunneling and Negative Eigenvalues}",
      journal        = "Nucl. Phys.",
      volume         = "B298",
      year           = "1988",
      pages          = "178-186",
      doi            = "10.1016/0550-3213(88)90308-2",
      reportNumber   = "HUTP-87/A059",
      SLACcitation   = "%%CITATION = NUPHA,B298,178;%%"
}


@article{Moreno:1998bq,
      author         = "Moreno, J. M. and Quiros, M. and Seco, M.",
      title          = "{Bubbles in the supersymmetric standard model}",
      journal        = "Nucl. Phys.",
      volume         = "B526",
      year           = "1998",
      pages          = "489-500",
      doi            = "10.1016/S0550-3213(98)00283-1",
      eprint         = "hep-ph/9801272",
      archivePrefix  = "arXiv",
      primaryClass   = "hep-ph",
      reportNumber   = "IEM-FT-168-98",
      SLACcitation   = "%%CITATION = HEP-PH/9801272;%%"
}
@article{John:1998ip,
      author         = "John, Peter",
      title          = "{Bubble wall profiles with more than one scalar field: A
                        Numerical approach}",
      journal        = "Phys. Lett.",
      volume         = "B452",
      year           = "1999",
      pages          = "221-226",
      doi            = "10.1016/S0370-2693(99)00272-5",
      eprint         = "hep-ph/9810499",
      archivePrefix  = "arXiv",
      primaryClass   = "hep-ph",
      reportNumber   = "HD-THEP-98-54",
      SLACcitation   = "%%CITATION = HEP-PH/9810499;%%"
}
@article{Kusenko:1996jn,
      author         = "Kusenko, Alexander and Langacker, Paul and Segre, Gino",
      title          = "{Phase transitions and vacuum tunneling into charge and
                        color breaking minima in the MSSM}",
      journal        = "Phys. Rev.",
      volume         = "D54",
      year           = "1996",
      pages          = "5824-5834",
      doi            = "10.1103/PhysRevD.54.5824",
      eprint         = "hep-ph/9602414",
      archivePrefix  = "arXiv",
      primaryClass   = "hep-ph",
      reportNumber   = "UPR-0677-T, NSF-ITP-96-09",
      SLACcitation   = "%%CITATION = HEP-PH/9602414;%%"
}

%%AnyBubble
@article{Masoumi:2016wot,
      author         = "Masoumi, Ali and Olum, Ken D. and Shlaer, Benjamin",
      title          = "{Efficient numerical solution to vacuum decay with many
                        fields}",
      journal        = "JCAP",
      volume         = "1701",
      year           = "2017",
      number         = "01",
      pages          = "051",
      doi            = "10.1088/1475-7516/2017/01/051",
      eprint         = "1610.06594",
      archivePrefix  = "arXiv",
      primaryClass   = "gr-qc",
      SLACcitation   = "%%CITATION = ARXIV:1610.06594;%%"
}

@article{Liebler:2015ddv,
      author         = "Liebler, Stefan and Profumo, Stefano and Stefaniak, Tim",
      title          = "{Light Stop Mass Limits from Higgs Rate Measurements in
                        the MSSM: Is MSSM Electroweak Baryogenesis Still Alive
                        After All?}",
      journal        = "JHEP",
      volume         = "04",
      year           = "2016",
      pages          = "143",
      doi            = "10.1007/JHEP04(2016)143",
      eprint         = "1512.09172",
      archivePrefix  = "arXiv",
      primaryClass   = "hep-ph",
      reportNumber   = "DESY-16-001, SCIPP-16-01",
      SLACcitation   = "%%CITATION = ARXIV:1512.09172;%%"
}
@article{Balazs:2004ae,
      author         = "Balazs, C. and Carena, Marcela and Menon, A. and
                        Morrissey, D. E. and Wagner, C. E. M.",
      title          = "{The Supersymmetric origin of matter}",
      journal        = "Phys. Rev.",
      volume         = "D71",
      year           = "2005",
      pages          = "075002",
      doi            = "10.1103/PhysRevD.71.075002",
      eprint         = "hep-ph/0412264",
      archivePrefix  = "arXiv",
      primaryClass   = "hep-ph",
      reportNumber   = "ANL-HEP-PR-04-137, EFI-04-40, FERMILAB-PUB-04-397-T",
      SLACcitation   = "%%CITATION = HEP-PH/0412264;%%"
}
@article{Carena:2012np,
      author         = "Carena, Marcela and Nardini, Germano and Quiros, Mariano
                        and Wagner, Carlos E. M.",
      title          = "{MSSM Electroweak Baryogenesis and LHC Data}",
      journal        = "JHEP",
      volume         = "02",
      year           = "2013",
      pages          = "001",
      doi            = "10.1007/JHEP02(2013)001",
      eprint         = "1207.6330",
      archivePrefix  = "arXiv",
      primaryClass   = "hep-ph",
      reportNumber   = "ANL-HEP-PR-12-47, BI-TP-2012-22, EFI-12-15, UAB-FT-706,
                        --UAB-FT-706, FERMILAB-PUB-12-375-T",
      SLACcitation   = "%%CITATION = ARXIV:1207.6330;%%"
}
@article{Carena:2008vj,
      author         = "Carena, M. and Nardini, Germano and Quiros, M. and
                        Wagner, C. E. M.",
      title          = "{The Baryogenesis Window in the MSSM}",
      journal        = "Nucl. Phys.",
      volume         = "B812",
      year           = "2009",
      pages          = "243-263",
      doi            = "10.1016/j.nuclphysb.2008.12.014",
      eprint         = "0809.3760",
      archivePrefix  = "arXiv",
      primaryClass   = "hep-ph",
      reportNumber   = "CERN-PH-TH-2008-197, UAB-FT-654, FERMILAB-PUB-08-317-T,
                        ANL-HEP-PR-08-33, EFI-08-16",
      SLACcitation   = "%%CITATION = ARXIV:0809.3760;%%"
}
@article{Menon:2004wv,
      author         = "Menon, A. and Morrissey, D. E. and Wagner, C. E. M.",
      title          = "{Electroweak baryogenesis and dark matter in the nMSSM}",
      journal        = "Phys. Rev.",
      volume         = "D70",
      year           = "2004",
      pages          = "035005",
      doi            = "10.1103/PhysRevD.70.035005",
      eprint         = "hep-ph/0404184",
      archivePrefix  = "arXiv",
      primaryClass   = "hep-ph",
      reportNumber   = "ANL-HEP-PR-04-038, EFI-04-09",
      SLACcitation   = "%%CITATION = HEP-PH/0404184;%%"
}
@article{Coleman:1977py,
      author         = "Coleman, Sidney R.",
      title          = "{The Fate of the False Vacuum. 1. Semiclassical Theory}",
      journal        = "Phys. Rev.",
      volume         = "D15",
      year           = "1977",
      pages          = "2929-2936",
      doi            = "10.1103/PhysRevD.15.2929",
      note           = "[Erratum: \href{https://doi.org/10.1103/PhysRevD.16.1248}{Phys. Rev.D16, 1248 (1977)}]",
      reportNumber   = "HUTP-77-A004",
      SLACcitation   = "%%CITATION = PHRVA,D15,2929;%%"
}
@article{Callan:1977pt,
      author         = "Callan, Jr., Curtis G. and Coleman, Sidney R.",
      title          = "{The Fate of the False Vacuum. 2. First Quantum
                        Corrections}",
      journal        = "Phys. Rev.",
      volume         = "D16",
      year           = "1977",
      pages          = "1762-1768",
      doi            = "10.1103/PhysRevD.16.1762",
      reportNumber   = "HUTP-77-A032",
      SLACcitation   = "%%CITATION = PHRVA,D16,1762;%%"
}
@article{Linde:1980tt,
      author         = "Linde, Andrei D.",
      title          = "{Fate of the False Vacuum at Finite Temperature: Theory
                        and Applications}",
      journal        = "Phys. Lett.",
      volume         = "100B",
      year           = "1981",
      pages          = "37-40",
      doi            = "10.1016/0370-2693(81)90281-1",
      reportNumber   = "LEBEDEV-80-92",
      SLACcitation   = "%%CITATION = PHLTA,100B,37;%%"
}
@article{Lee:2004we,
      author         = "Lee, Christopher and Cirigliano, Vincenzo and
                        Ramsey-Musolf, Michael J.",
      title          = "{Resonant relaxation in electroweak baryogenesis}",
      journal        = "Phys. Rev.",
      volume         = "D71",
      year           = "2005",
      pages          = "075010",
      doi            = "10.1103/PhysRevD.71.075010",
      eprint         = "hep-ph/0412354",
      archivePrefix  = "arXiv",
      primaryClass   = "hep-ph",
      reportNumber   = "CALTECH-MAP-304, CALT-68-2535",
      SLACcitation   = "%%CITATION = HEP-PH/0412354;%%"
}
@article{Morrissey:2012db,
      author         = "Morrissey, David E. and Ramsey-Musolf, Michael J.",
      title          = "{Electroweak baryogenesis}",
      journal        = "New J. Phys.",
      volume         = "14",
      year           = "2012",
      pages          = "125003",
      doi            = "10.1088/1367-2630/14/12/125003",
      eprint         = "1206.2942",
      archivePrefix  = "arXiv",
      primaryClass   = "hep-ph",
      reportNumber   = "NPAC-12-08",
      SLACcitation   = "%%CITATION = ARXIV:1206.2942;%%"
}
@article{Sher:1988mj,
      author         = "Sher, Marc",
      title          = "{Electroweak Higgs Potentials and Vacuum Stability}",
      journal        = "Phys. Rept.",
      volume         = "179",
      year           = "1989",
      pages          = "273-418",
      doi            = "10.1016/0370-1573(89)90061-6",
      reportNumber   = "WU-TH-88-8",
      SLACcitation   = "%%CITATION = PRPLC,179,273;%%"
}
@article{Rose:2015lna,
      author         = "Delle Rose, Luigi and Marzo, Carlo and Urbano, Alfredo",
      title          = "{On the fate of the Standard Model at finite
                        temperature}",
      journal        = "JHEP",
      volume         = "05",
      year           = "2016",
      pages          = "050",
      doi            = "10.1007/JHEP05(2016)050",
      eprint         = "1507.06912",
      archivePrefix  = "arXiv",
      primaryClass   = "hep-ph",
      SLACcitation   = "%%CITATION = ARXIV:1507.06912;%%"
}
@article{Degrassi:2012ry,
      author         = "Degrassi, Giuseppe and Di Vita, Stefano and Elias-Miro,
                        Joan and Espinosa, Jose R. and Giudice, Gian F. and
                        Isidori, Gino and Strumia, Alessandro",
      title          = "{Higgs mass and vacuum stability in the Standard Model at
                        NNLO}",
      journal        = "JHEP",
      volume         = "08",
      year           = "2012",
      pages          = "098",
      doi            = "10.1007/JHEP08(2012)098",
      eprint         = "1205.6497",
      archivePrefix  = "arXiv",
      primaryClass   = "hep-ph",
      reportNumber   = "CERN-PH-TH-2012-134, RM3-TH-12-9",
      SLACcitation   = "%%CITATION = ARXIV:1205.6497;%%"
}
@article{Davies:1996qn,
      author         = "Davies, A. T. and Froggatt, C. D. and Moorhouse, R. G.",
      title          = "{Electroweak baryogenesis in the next-to-minimal
                        supersymmetric model}",
      journal        = "Phys. Lett.",
      volume         = "B372",
      year           = "1996",
      pages          = "88-94",
      doi            = "10.1016/0370-2693(96)00076-7",
      eprint         = "hep-ph/9603388",
      archivePrefix  = "arXiv",
      primaryClass   = "hep-ph",
      reportNumber   = "GUTPA-95-11-1",
      SLACcitation   = "%%CITATION = HEP-PH/9603388;%%"
}
@article{Huber:2006wf,
      author         = "Huber, Stephan J. and Konstandin, Thomas and Prokopec,
                        Tomislav and Schmidt, Michael G.",
      title          = "{Electroweak Phase Transition and Baryogenesis in the
                        nMSSM}",
      journal        = "Nucl. Phys.",
      volume         = "B757",
      year           = "2006",
      pages          = "172-196",
      doi            = "10.1016/j.nuclphysb.2006.09.003",
      eprint         = "hep-ph/0606298",
      archivePrefix  = "arXiv",
      primaryClass   = "hep-ph",
      reportNumber   = "CERN-PH-TH-2006-115, HD-THEP-06-09, ITP-UU-06-08,
                        SPIN-06-06",
      SLACcitation   = "%%CITATION = HEP-PH/0606298;%%"
}
@article{Huber:2007vva,
      author         = "Huber, Stephan J. and Konstandin, Thomas",
      title          = "{Production of gravitational waves in the nMSSM}",
      journal        = "JCAP",
      volume         = "0805",
      year           = "2008",
      pages          = "017",
      doi            = "10.1088/1475-7516/2008/05/017",
      eprint         = "0709.2091",
      archivePrefix  = "arXiv",
      primaryClass   = "hep-ph",
      SLACcitation   = "%%CITATION = ARXIV:0709.2091;%%"
}
@article{Huber:2001xf,
      author         = "Huber, S. J. and John, P. and Schmidt, M. G.",
      title          = "{Bubble walls, CP violation and electroweak baryogenesis
                        in the MSSM}",
      journal        = "Eur. Phys. J.",
      volume         = "C20",
      year           = "2001",
      pages          = "695-711",
      doi            = "10.1007/PL00022989",
      eprint         = "hep-ph/0101249",
      archivePrefix  = "arXiv",
      primaryClass   = "hep-ph",
      reportNumber   = "HD-THEP-01-001, IEM-FT-209-01, IFT-UAM-CSIC-01-01",
      SLACcitation   = "%%CITATION = HEP-PH/0101249;%%"
}
@article{Kozaczuk:2014kva,
      author         = "Kozaczuk, Jonathan and Profumo, Stefano and Haskins,
                        Laurel Stephenson and Wainwright, Carroll L.",
      title          = "{Cosmological Phase Transitions and their Properties in
                        the NMSSM}",
      journal        = "JHEP",
      volume         = "01",
      year           = "2015",
      pages          = "144",
      doi            = "10.1007/JHEP01(2015)144",
      eprint         = "1407.4134",
      archivePrefix  = "arXiv",
      primaryClass   = "hep-ph",
      SLACcitation   = "%%CITATION = ARXIV:1407.4134;%%"
}
@article{Huber:2006ma,
      author         = "Huber, Stephan J. and Konstandin, Thomas and Prokopec,
                        Tomislav and Schmidt, Michael G.",
      title          = "{Baryogenesis in the MSSM, nMSSM and NMSSM}",
      booktitle      = "{Proceedings, 7th International Conference on Strong and
                        electroweak matter (SEWM 2006): Brookhaven, Upton, USA,
                        May 10-13, 2006}",
      journal        = "Nucl. Phys.",
      volume         = "A785",
      year           = "2007",
      pages          = "206-209",
      doi            = "10.1016/j.nuclphysa.2006.11.154",
      eprint         = "hep-ph/0608017",
      archivePrefix  = "arXiv",
      primaryClass   = "hep-ph",
      SLACcitation   = "%%CITATION = HEP-PH/0608017;%%"
}
@article{Bian:2017wfv,
      author         = "Bian, Ligong and Guo, Huai-Ke and Shu, Jing",
      title          = "{Gravitational Waves, baryon asymmetry of the universe
                        and electric dipole moment in the CP-violating NMSSM}",
      year           = "2017",
      eprint         = "1704.02488",
      archivePrefix  = "arXiv",
      primaryClass   = "hep-ph",
      SLACcitation   = "%%CITATION = ARXIV:1704.02488;%%"
}
@article{Ramsey-Musolf:2017tgh,
      author         = "Ramsey-Musolf, Michael J. and White, Graham and Winslow,
                        Peter",
      title          = "{Color Breaking Baryogenesis}",
      year           = "2017",
      eprint         = "1708.07511",
      archivePrefix  = "arXiv",
      primaryClass   = "hep-ph",
      reportNumber   = "ACFI-T17-20",
      SLACcitation   = "%%CITATION = ARXIV:1708.07511;%%"
}
@article{Inoue:2015pza,
      author         = "Inoue, Satoru and Ovanesyan, Grigory and Ramsey-Musolf,
                        Michael J.",
      title          = "{Two-Step Electroweak Baryogenesis}",
      journal        = "Phys. Rev.",
      volume         = "D93",
      year           = "2016",
      pages          = "015013",
      doi            = "10.1103/PhysRevD.93.015013",
      eprint         = "1508.05404",
      archivePrefix  = "arXiv",
      primaryClass   = "hep-ph",
      reportNumber   = "ACFI-T15-12",
      SLACcitation   = "%%CITATION = ARXIV:1508.05404;%%"
}
@article{Patel:2013zla,
      author         = "Patel, Hiren H. and Ramsey-Musolf, Michael J. and Wise,
                        Mark B.",
      title          = "{Color Breaking in the Early Universe}",
      journal        = "Phys. Rev.",
      volume         = "D88",
      year           = "2013",
      number         = "1",
      pages          = "015003",
      doi            = "10.1103/PhysRevD.88.015003",
      eprint         = "1303.1140",
      archivePrefix  = "arXiv",
      primaryClass   = "hep-ph",
      SLACcitation   = "%%CITATION = ARXIV:1303.1140;%%"
}
@article{Balazs:2016tbi,
      author         = "Balazs, Csaba and Fowlie, Andrew and Mazumdar, Anupam and
                        White, Graham",
      title          = "{Gravitational waves at aLIGO and vacuum stability with a
                        scalar singlet extension of the Standard Model}",
      journal        = "Phys. Rev.",
      volume         = "D95",
      year           = "2017",
      number         = "4",
      pages          = "043505",
      doi            = "10.1103/PhysRevD.95.043505",
      eprint         = "1611.01617",
      archivePrefix  = "arXiv",
      primaryClass   = "hep-ph",
      reportNumber   = "COEPP-MN-16-27",
      SLACcitation   = "%%CITATION = ARXIV:1611.01617;%%"
}
@article{Kamionkowski:1993fg,
      author         = "Kamionkowski, Marc and Kosowsky, Arthur and Turner,
                        Michael S.",
      title          = "{Gravitational radiation from first order phase
                        transitions}",
      journal        = "Phys. Rev.",
      volume         = "D49",
      year           = "1994",
      pages          = "2837-2851",
      doi            = "10.1103/PhysRevD.49.2837",
      eprint         = "astro-ph/9310044",
      archivePrefix  = "arXiv",
      primaryClass   = "astro-ph",
      reportNumber   = "IASSNS-HEP-93-44, FERMILAB-PUB-93-235-A",
      SLACcitation   = "%%CITATION = ASTRO-PH/9310044;%%"
}
@article{Das:2000ft,
      author         = "Das, Ashok K.",
      title          = "{Topics in finite temperature field theory}",
      year           = "2000",
      eprint         = "hep-ph/0004125",
      archivePrefix  = "arXiv",
      primaryClass   = "hep-ph",
      SLACcitation   = "%%CITATION = HEP-PH/0004125;%%"
}
@article{Apreda:2001us,
      author         = "Apreda, Riccardo and Maggiore, Michele and Nicolis,
                        Alberto and Riotto, Antonio",
      title          = "{Gravitational waves from electroweak phase transitions}",
      journal        = "Nucl. Phys.",
      volume         = "B631",
      year           = "2002",
      pages          = "342-368",
      doi            = "10.1016/S0550-3213(02)00264-X",
      eprint         = "gr-qc/0107033",
      archivePrefix  = "arXiv",
      primaryClass   = "gr-qc",
      reportNumber   = "UGVA-DPT-07-1096",
      SLACcitation   = "%%CITATION = GR-QC/0107033;%%"
}
@article{Caprini:2007xq,
      author         = "Caprini, Chiara and Durrer, Ruth and Servant, Geraldine",
      title          = "{Gravitational wave generation from bubble collisions in
                        first-order phase transitions: An analytic approach}",
      journal        = "Phys. Rev.",
      volume         = "D77",
      year           = "2008",
      pages          = "124015",
      doi            = "10.1103/PhysRevD.77.124015",
      eprint         = "0711.2593",
      archivePrefix  = "arXiv",
      primaryClass   = "astro-ph",
      reportNumber   = "CERN-PH-TH-2007-206, SACLAY-T07-142",
      SLACcitation   = "%%CITATION = ARXIV:0711.2593;%%"
}
@article{Schwaller:2015tja,
      author         = "Schwaller, Pedro",
      title          = "{Gravitational Waves from a Dark Phase Transition}",
      journal        = "Phys. Rev. Lett.",
      volume         = "115",
      year           = "2015",
      number         = "18",
      pages          = "181101",
      doi            = "10.1103/PhysRevLett.115.181101",
      eprint         = "1504.07263",
      archivePrefix  = "arXiv",
      primaryClass   = "hep-ph",
      reportNumber   = "CERN-PH-TH-2015-093",
      SLACcitation   = "%%CITATION = ARXIV:1504.07263;%%"
}
@article{Hindmarsh:2013xza,
      author         = "Hindmarsh, Mark and Huber, Stephan J. and Rummukainen,
                        Kari and Weir, David J.",
      title          = "{Gravitational waves from the sound of a first order
                        phase transition}",
      journal        = "Phys. Rev. Lett.",
      volume         = "112",
      year           = "2014",
      pages          = "041301",
      doi            = "10.1103/PhysRevLett.112.041301",
      eprint         = "1304.2433",
      archivePrefix  = "arXiv",
      primaryClass   = "hep-ph",
      reportNumber   = "HIP-2013-07-TH",
      SLACcitation   = "%%CITATION = ARXIV:1304.2433;%%"
}
@article{Caprini:2009fx,
      author         = "Caprini, Chiara and Durrer, Ruth and Konstandin, Thomas
                        and Servant, Geraldine",
      title          = "{General Properties of the Gravitational Wave Spectrum
                        from Phase Transitions}",
      journal        = "Phys. Rev.",
      volume         = "D79",
      year           = "2009",
      pages          = "083519",
      doi            = "10.1103/PhysRevD.79.083519",
      eprint         = "0901.1661",
      archivePrefix  = "arXiv",
      primaryClass   = "astro-ph.CO",
      SLACcitation   = "%%CITATION = ARXIV:0901.1661;%%"
}
@article{Espinosa:2010hh,
      author         = "Espinosa, Jose R. and Konstandin, Thomas and No, Jose M.
                        and Servant, Geraldine",
      title          = "{Energy Budget of Cosmological First-order Phase
                        Transitions}",
      journal        = "JCAP",
      volume         = "1006",
      year           = "2010",
      pages          = "028",
      doi            = "10.1088/1475-7516/2010/06/028",
      eprint         = "1004.4187",
      archivePrefix  = "arXiv",
      primaryClass   = "hep-ph",
      reportNumber   = "CERN-PH-TH-2010-027",
      SLACcitation   = "%%CITATION = ARXIV:1004.4187;%%"
}
@article{Binetruy:2012ze,
      author         = "Binetruy, Pierre and Bohe, Alejandro and Caprini, Chiara
                        and Dufaux, Jean-Francois",
      title          = "{Cosmological Backgrounds of Gravitational Waves and
                        eLISA/NGO: Phase Transitions, Cosmic Strings and Other
                        Sources}",
      journal        = "JCAP",
      volume         = "1206",
      year           = "2012",
      pages          = "027",
      doi            = "10.1088/1475-7516/2012/06/027",
      eprint         = "1201.0983",
      archivePrefix  = "arXiv",
      primaryClass   = "gr-qc",
      SLACcitation   = "%%CITATION = ARXIV:1201.0983;%%"
}
@article{Shelton:2010ta,
      author         = "Shelton, Jessie and Zurek, Kathryn M.",
      title          = "{Darkogenesis: A baryon asymmetry from the dark matter
                        sector}",
      journal        = "Phys. Rev.",
      volume         = "D82",
      year           = "2010",
      pages          = "123512",
      doi            = "10.1103/PhysRevD.82.123512",
      eprint         = "1008.1997",
      archivePrefix  = "arXiv",
      primaryClass   = "hep-ph",
      reportNumber   = "MCTP-10-28",
      SLACcitation   = "%%CITATION = ARXIV:1008.1997;%%"
}

@article{Chowdhury:2011ga,
      author         = "Chowdhury, Talal Ahmed and Nemevsek, Miha and Senjanovic,
                        Goran and Zhang, Yue",
      title          = "{Dark Matter as the Trigger of Strong Electroweak Phase
                        Transition}",
      journal        = "JCAP",
      volume         = "1202",
      year           = "2012",
      pages          = "029",
      doi            = "10.1088/1475-7516/2012/02/029",
      eprint         = "1110.5334",
      archivePrefix  = "arXiv",
      primaryClass   = "hep-ph",
      SLACcitation   = "%%CITATION = ARXIV:1110.5334;%%"
}

@article{Camargo-Molina:2013qva,
      author         = "Camargo-Molina, J. E. and O'Leary, B. and Porod, W. and
                        Staub, F.",
      title          = "{$\mathbf{Vevacious}$: A Tool For Finding The Global
                        Minima Of One-Loop Effective Potentials With Many
                        Scalars}",
      journal        = "Eur. Phys. J.",
      volume         = "C73",
      year           = "2013",
      number         = "10",
      pages          = "2588",
      doi            = "10.1140/epjc/s10052-013-2588-2",
      eprint         = "1307.1477",
      archivePrefix  = "arXiv",
      primaryClass   = "hep-ph",
      SLACcitation   = "%%CITATION = ARXIV:1307.1477;%%"
}

@article{Camargo-Molina:2013sta,
      author         = "Camargo-Molina, J. E. and O'Leary, B. and Porod, W. and
                        Staub, F.",
      title          = "{Stability of the CMSSM against sfermion VEVs}",
      journal        = "JHEP",
      volume         = "12",
      year           = "2013",
      pages          = "103",
      doi            = "10.1007/JHEP12(2013)103",
      eprint         = "1309.7212",
      archivePrefix  = "arXiv",
      primaryClass   = "hep-ph",
      SLACcitation   = "%%CITATION = ARXIV:1309.7212;%%"
}

@article{Blinov:2013fta,
      author         = "Blinov, Nikita and Morrissey, David E.",
      title          = "{Vacuum Stability and the MSSM Higgs Mass}",
      journal        = "JHEP",
      volume         = "03",
      year           = "2014",
      pages          = "106",
      doi            = "10.1007/JHEP03(2014)106",
      eprint         = "1310.4174",
      archivePrefix  = "arXiv",
      primaryClass   = "hep-ph",
      SLACcitation   = "%%CITATION = ARXIV:1310.4174;%%"
}

@article{Swiezewska:2015paa,
      author         = "Swiezewska, Bogumila",
      title          = "{Inert scalars and vacuum metastability around the
                        electroweak scale}",
      journal        = "JHEP",
      volume         = "07",
      year           = "2015",
      pages          = "118",
      doi            = "10.1007/JHEP07(2015)118",
      eprint         = "1503.07078",
      archivePrefix  = "arXiv",
      primaryClass   = "hep-ph",
      SLACcitation   = "%%CITATION = ARXIV:1503.07078;%%"
}

@article{Bobrowski:2014dla,
      author         = "Bobrowski, Markus and Chalons, Guillaume and Hollik,
                        Wolfgang G. and Nierste, Ulrich",
      title          = "{Vacuum stability of the effective Higgs potential in the
                        Minimal Supersymmetric Standard Model}",
      journal        = "Phys. Rev.",
      volume         = "D90",
      year           = "2014",
      number         = "3",
      pages          = "035025",
      doi            = "10.1103/PhysRevD.90.035025",
      note           = "[Erratum: \href{https://doi.org/10.1103/PhysRevD.92.059901}{Phys. Rev.D92, no.5, 059901 (2015)}]",
      eprint         = "1407.2814",
      archivePrefix  = "arXiv",
      primaryClass   = "hep-ph",
      reportNumber   = "TTP14-018, LPSC-14-130",
      SLACcitation   = "%%CITATION = ARXIV:1407.2814;%%"
}

@article{Hollik:2016dcm,
      author         = "Hollik, Wolfgang Gregor",
      title          = "{A new view on vacuum stability in the MSSM}",
      journal        = "JHEP",
      volume         = "08",
      year           = "2016",
      pages          = "126",
      doi            = "10.1007/JHEP08(2016)126",
      eprint         = "1606.08356",
      archivePrefix  = "arXiv",
      primaryClass   = "hep-ph",
      reportNumber   = "DESY-16-114",
      SLACcitation   = "%%CITATION = ARXIV:1606.08356;%%"
}

@article{MOLINA:2014uha,
      author         = "Camargo-Molina, Jose Eliel and O'Leary, Ben and Porod,
                        Werner and Staub, Florian",
      title          = "{On the vacuum stability of SUSY models}",
      booktitle      = "{Proceedings, 2013 European Physical Society Conference
                        on High Energy Physics (EPS-HEP 2013): Stockholm, Sweden,
                        July 18-24, 2013}",
      journal        = "PoS",
      volume         = "EPS-HEP2013",
      year           = "2013",
      pages          = "265",
      eprint         = "1310.1260",
      archivePrefix  = "arXiv",
      primaryClass   = "hep-ph",
      SLACcitation   = "%%CITATION = ARXIV:1310.1260;%%"
}

@article{Grojean:2004xa,
      author         = "Grojean, Christophe and Servant, Geraldine and Wells,
                        James D.",
      title          = "{First-order electroweak phase transition in the standard
                        model with a low cutoff}",
      journal        = "Phys. Rev.",
      volume         = "D71",
      year           = "2005",
      pages          = "036001",
      doi            = "10.1103/PhysRevD.71.036001",
      eprint         = "hep-ph/0407019",
      archivePrefix  = "arXiv",
      primaryClass   = "hep-ph",
      reportNumber   = "SACLAY-T04-084, MCTP-04-37, ANL-HEP-PR-04-63, EFI-04-23",
      SLACcitation   = "%%CITATION = HEP-PH/0407019;%%"
}

@article{DORMAND198019,
title = "{A family of embedded Runge-Kutta formulae}",
journal = "{Journal of Computational and Applied Mathematics}",
volume = "6",
number = "1",
pages = "19 - 26",
year = "1980",
issn = "0377-0427",
doi = "https://doi.org/10.1016/0771-050X(80)90013-3",
author = "Dormand, J.R.  and Prince, P.J."
}

@misc{NLOpt,
  title = "{NLOpt optimisation library}",
  year = 2018,
  howpublished = "\url{https://nlopt.readthedocs.io/en/latest/}"
}
@misc{eigen3,
  title = "{Eigen3 fast numerical linear algebra library}",
  year = 2018,
  howpublished = "\url{http://eigen.tuxfamily.org/index.php?title=Main_Page}"
}
@misc{GSL,
  title = "{GSL --- GNU scientific library}",
  year = 2018,
  howpublished = "\url{https://www.gnu.org/software/gsl/}"
}

@book{VetterlingNumericalRecipesExample2017,
  title = {Numerical {{Recipes Example Book C}}++: {{The Art}} of {{Scientific Computing}}},
  isbn = {978-1-5489-1905-4},
  shorttitle = {Numerical {{Recipes Example Book C}}++},
  abstract = {Numerical Recipes Example Book (C++): The Art of Scientific Computing By William T. Vetterling},
  language = {en},
  publisher = {{CreateSpace Independent Publishing Platform}},
  author = {Vetterling, William T.},
  month = aug,
  year = {2017}
}

@article{BauerIntroductionGiNaCFramework2002,
  title = {Introduction to the {{GiNaC Framework}} for {{Symbolic Computation}} within the {{C}}++ {{Programming Language}}},
  volume = {33},
  issn = {0747-7171},
  doi = {10.1006/jsco.2001.0494},
  abstract = {The traditional split into a low level language and a high level language in the design of computer algebra systems may become obsolete with the advent of more versatile computer languages. We describe GiNaC, a special-purpose system that deliberately denies the need for such a distinction. It is entirely written in C++and the user can interact with it directly in that language. It was designed to provide efficient handling of multivariate polynomials, algebras and special functions that are needed for loop calculations in theoretical quantum field theory. It also bears some potential to become a more general purpose symbolic package.},
  number = {1},
  journal = {Journal of Symbolic Computation},
  author = {Bauer, Christian and Frink, Alexander and Kreckel, Richard},
  month = jan,
  year = {2002},
  pages = {1-12},
}


@article{BaakePeanoBakerseries2011,
  title = {The {{Peano}}-{{Baker}} Series},
  volume = {275},
  issn = {1531-8605},
  doi = {10.1134/S0081543811080098},
  abstract = {This note reviews the Peano-Baker series and its use to solve the general linear system of ODEs. The account is elementary and self-contained, and is meant as a pedagogic introduction to this approach, which is well known but usually treated as a folklore result or as a purely formal tool. Here, a simple convergence result is given, and two examples illustrate that the series can be used explicitly as well.},
  language = {en},
  number = {1},
  journal = {Proceedings of the Steklov Institute of Mathematics},
  author = {Baake, Michael and Schl\"agel, Ulrike},
  month = dec,
  year = {2011},
  keywords = {Continuous Time Markov Chain,Fundamental System,General Linear System,Matrix Exponential,STEKLOV Institute},
  pages = {155-159}
}

@article{AravindAnalyzingMultiFieldTunneling2015,
  archivePrefix = {arXiv},
  eprinttype = {arxiv},
  eprint = {1412.3160},
  title = {Analyzing {{Multi}}-{{Field Tunneling With Exact Bounce Solutions}}},
  volume = {91},
  issn = {1550-7998, 1550-2368},
  doi = {10.1103/PhysRevD.91.025026},
  abstract = {We study multi-field tunneling using exact solutions for additive potentials. We introduce a binomial potential with non-integer powers that could be considered a generalization of the \$4D\$ Fubini instanton potential. Using scaling arguments, we show that for multi-field potentials taller and wider barriers may still lead to a smaller bounce action.},
  number = {2},
  journal = {Physical Review D},
  author = {Aravind, Aditya and DiNunno, Brandon S. and Lorshbough, Dustin and Paban, Sonia},
  month = jan,
  year = {2015},
  keywords = {General Relativity and Quantum Cosmology,Astrophysics - Cosmology and Nongalactic Astrophysics,High Energy Physics - Theory},
}

@article{KurupDynamicsElectroweakPhase2017,
  archivePrefix = {arXiv},
  eprinttype = {arxiv},
  eprint = {1704.03381},
  title = {Dynamics of {{Electroweak Phase Transition In Singlet}}-{{Scalar Extension}} of the {{Standard Model}}},
  volume = {96},
  issn = {2470-0010, 2470-0029},
  doi = {10.1103/PhysRevD.96.015036},
  abstract = {An addition to the Standard Model of a real, gauge-singlet scalar field, coupled via a Higgs portal interaction, can reopen the possibility of a strongly first-order electroweak phase transition (EWPT) and successful electroweak baryogenesis (EWBG). If a discrete symmetry that forbids doublet-singlet mixing is present, this model is notoriously difficult to test at the Large Hadron Collider. As a result, it emerged as a useful benchmark for evaluating the capabilities of proposed future colliders to conclusively test EWPT and EWBG. In this paper, we evaluate the bubble nucleation temperature throughout the parameter space of this model where a first-order transition is expected. We find that in large parts of this parameter space, bubbles in fact do not nucleate at any finite temperature, eliminating these models as viable EWBG scenarios. This constraint eliminates most of the region where a "two-step" phase transition is naively predicted, while the "one-step" transition region is largely unaffected. In addition, expanding bubble walls must not reach relativistic speeds during the transition for baryon asymmetry to be generated. We show that this condition further reduces the parameter space with viable EWBG.},
  number = {1},
  journal = {Physical Review D},
  author = {Kurup, Gowri and Perelstein, Maxim},
  month = jul,
  year = {2017},
  keywords = {High Energy Physics - Phenomenology},
  file = {/home/michael/Zotero/storage/27LIQPRK/Kurup and Perelstein - 2017 - Dynamics of Electroweak Phase Transition In Single.pdf;/home/michael/Zotero/storage/2DY4RLNB/1704.html},
  annote = {Comment: 7 pages, 6 figures. Clarifications and references added in v2}
}

@article{ClineElectroweakbaryogenesisdark2013,
  title = {Electroweak Baryogenesis and Dark Matter from a Singlet {{Higgs}}},
  volume = {2013},
  issn = {1475-7516},
  doi = {10.1088/1475-7516/2013/01/012},
  abstract = {If the Higgs boson H couples to a singlet scalar S via $\lambda$ m | H | 2 S 2 , a strong electroweak phase transition can be induced through a large potential barrier that exists already at zero temperature. In this case properties of the phase transition can be computed analytically. We show that electroweak baryogenesis can be achieved using CP violation from a dimension-6 operator that couples S to the top-quark mass, suppressed by a new physics scale that can be well above 1 TeV. Moreover the singlet is a dark matter candidate whose relic density is \#\#IMG\#\# [http://ej.iop.org/icons/Entities/lesssim.gif] lesssim 3\% of the total dark matter density, but which nevertheless interacts strongly enough with nuclei (through Higgs exchange) to be just below the current XENON100 limits. The DM mass is predicted to be in the range 80\textendash{}160 GeV.},
  language = {en},
  number = {01},
  journal = {Journal of Cosmology and Astroparticle Physics},
  author = {Cline, James M. and Kainulainen, Kimmo},
  year = {2013},
  pages = {012},
  file = {/home/michael/Zotero/storage/LKXWXVM2/Cline and Kainulainen - 2013 - Electroweak baryogenesis and dark matter from a si.pdf}
}

@article{McDonaldGaugesingletscalars1994,
  title = {Gauge Singlet Scalars as Cold Dark Matter},
  volume = {50},
  doi = {10.1103/PhysRevD.50.3637},
  abstract = {We consider a very simple extension of the standard model in which one or more gauge singlet scalars Si couples to the standard model via an interaction of the form $\lambda$SS$^\circ$iSiH$^\circ$H, where H is the standard model Higgs doublet. The thermal relic density of S scalars is calculated as a function of the coupling $\lambda$S and the S scalar mass mS. The regions of the (mS,$\lambda$S) parameter space which can be probed by present and future experiments designed to detect scattering of S dark matter particles from Ge nuclei, and to observe upward-moving muons and contained events in neutrino detectors due to high-energy neutrinos from annihilations of S dark matter particles in the Sun and the Earth, are discussed. Present experimental bounds place only very weak constraints on the possibility of thermal relic S scalar dark matter. The next generation of cryogenic Ge detectors and of large area (104 m2) neutrino detectors will be able to investigate most of the parameter space corresponding to thermal relic S scalar dark matter up to mS$\approxeq$50 GeV, while a 1 km2 detector would in general be able to detect thermal relic S scalar dark matter up to mS$\approxeq$100 GeV and would be able to detect up to mS$\approxeq$500 GeV or more if the Higgs boson is lighter than 100 GeV.},
  number = {6},
  journal = {Physical Review D},
  author = {McDonald, John},
  month = sep,
  year = {1994},
  pages = {3637-3649},
  file = {/home/michael/Zotero/storage/P2KPMNQV/PhysRevD.50.html}
}

@article{BurgessMinimalModelnonbaryonic2001,
  title = {The {{Minimal Model}} of Nonbaryonic Dark Matter: A Singlet Scalar},
  volume = {619},
  issn = {0550-3213},
  shorttitle = {The {{Minimal Model}} of Nonbaryonic Dark Matter},
  doi = {10.1016/S0550-3213(01)00513-2},
  abstract = {We propose the simplest possible renormalizable extension of the Standard Model\textemdash{}the addition of just one singlet scalar field\textemdash{}as a minimalist model for nonbaryonic dark matter. Such a model is characterized by only three parameters in addition to those already appearing within the Standard Model: a dimensionless self-coupling and a mass for the new scalar, and a dimensionless coupling, $\lambda$, to the Higgs field. If the singlet is the dark matter, these parameters are related to one another by the cosmological abundance constraint, implying that the coupling of the singlet to the Higgs field is large, $\lambda\sim$O(0.1\textendash{}1). Since this parameter also controls couplings to ordinary matter, we obtain predictions for the elastic cross section of the singlet with nuclei. The resulting scattering rates are close to current limits from both direct and indirect searches. The existence of the singlet also has implications for current Higgs searches, as it gives a large contribution to the invisible Higgs width for much of parameter space. These scalars can be strongly self-coupled in the cosmologically interesting sense recently proposed by Spergel and Steinhardt, but only for very low masses ($\lessequivlnt$1~GeV), which is possible only at the expense of some fine-tuning of parameters.},
  number = {1},
  journal = {Nuclear Physics B},
  author = {Burgess, C. P. and Pospelov, Maxim and {ter Veldhuis}, Tonnis},
  month = dec,
  year = {2001},
  pages = {709-728},
  file = {/home/michael/Zotero/storage/WWK8VGY7/Burgess et al. - 2001 - The Minimal Model of nonbaryonic dark matter a si.pdf;/home/michael/Zotero/storage/4DHHBZ83/S0550321301005132.html}
}

@article{EspinosaStrongElectroweakPhase2012,
  archivePrefix = {arXiv},
  eprinttype = {arxiv},
  eprint = {1107.5441},
  title = {Strong {{Electroweak Phase Transitions}} in the {{Standard Model}} with a {{Singlet}}},
  volume = {854},
  issn = {05503213},
  doi = {10.1016/j.nuclphysb.2011.09.010},
  abstract = {It is well known that the electroweak phase transition (EWPhT) in extensions of the Standard Model with one real scalar singlet can be first-order for realistic values of the Higgs mass. We revisit this scenario with the most general renormalizable scalar potential systematically identifying all regions in parameter space that develop, due to tree-level dynamics, a potential barrier at the critical temperature that is strong enough to avoid sphaleron wash-out of the baryon asymmetry. Such strong EWPhTs allow for a simple mean-field approximation and an analytic treatment of the free-energy that leads to very good theoretical control and understanding of the different mechanisms that can make the transition strong. We identify a new realization of such mechanism, based on a flat direction developing at the critical temperature, which could operate in other models. Finally, we discuss in detail some special cases of the model performing a numerical calculation of the one-loop free-energy that improves over the mean-field approximation and confirms the analytical expectations.},
  number = {3},
  journal = {Nuclear Physics B},
  author = {Espinosa, Jose R. and Konstandin, Thomas and Riva, Francesco},
  month = jan,
  year = {2012},
  keywords = {Astrophysics - Cosmology and Nongalactic Astrophysics,High Energy Physics - Phenomenology},
  pages = {592-630},
  file = {/home/michael/Zotero/storage/9ACBBG6B/Espinosa et al. - 2012 - Strong Electroweak Phase Transitions in the Standa.pdf;/home/michael/Zotero/storage/42VRI7DE/1107.html},
  annote = {Comment: 48 pages, 14 figures}
}

@article{Athron:2018ipf,
      author         = "Athron, Peter and Cornell, Jonathan M. and Kahlhoefer,
                        Felix and Mckay, James and Scott, Pat and Wild, Sebastian",
      title          = "{Impact of vacuum stability, perturbativity and XENON1T
                        on global fits of $\mathbb {Z}_2$ and $\mathbb {Z}_3$
                        scalar singlet dark matter}",
      journal        = "Eur. Phys. J.",
      volume         = "C78",
      year           = "2018",
      number         = "10",
      pages          = "830",
      doi            = "10.1140/epjc/s10052-018-6314-y",
      eprint         = "1806.11281",
      archivePrefix  = "arXiv",
      primaryClass   = "hep-ph",
      reportNumber   = "DESY-18-102, TTK-18-21, DESY 18-102, CoEPP-MN-18-3",
      SLACcitation   = "%%CITATION = ARXIV:1806.11281;%%"
}


@article{Athron:2017kgt,
      author         = "Athron, Peter and others",
      title          = "{Status of the scalar singlet dark matter model}",
      collaboration  = "GAMBIT",
      journal        = "Eur. Phys. J.",
      volume         = "C77",
      year           = "2017",
      number         = "8",
      pages          = "568",
      doi            = "10.1140/epjc/s10052-017-5113-1",
      eprint         = "1705.07931",
      archivePrefix  = "arXiv",
      primaryClass   = "hep-ph",
      reportNumber   = "COEPP-MN-17-10, CERN-TH-2017-170, NORDITA 2017-079,
                        CoEPP-MN-17-10",
      SLACcitation   = "%%CITATION = ARXIV:1705.07931;%%"
}

@article{NKtheorem,
      author         = "Kantorovich, Leonid V.",
      title          = "Functional analysis and applied mathematics",
      journal        = "Uspekhi Math. Nauk",
      volume         = "3",
      year           = "1948",
      number         = "6(28)",
      pages          = "89-185"
}

@article{Khachatryan:2016vau,
      author         = "Aad, Georges and others",
      title          = "{Measurements of the Higgs boson production and decay
                        rates and constraints on its couplings from a combined
                        ATLAS and CMS analysis of the LHC pp collision data at $
                        \sqrt{s}=7 $ and 8 TeV}",
      collaboration  = "ATLAS, CMS",
      journal        = "JHEP",
      volume         = "08",
      year           = "2016",
      pages          = "045",
      doi            = "10.1007/JHEP08(2016)045",
      eprint         = "1606.02266",
      archivePrefix  = "arXiv",
      primaryClass   = "hep-ex",
      reportNumber   = "CERN-EP-2016-100, ATLAS-HIGG-2015-07, CMS-HIG-15-002",
      SLACcitation   = "%%CITATION = ARXIV:1606.02266;%%"
}

@article{Mazumdar:2018dfl,
	author         = "Mazumdar, Anupam and White, Graham",
	title          = "{Cosmic phase transitions: their applications and
	experimental signatures}",
	year           = "2018",
	eprint         = "1811.01948",
	archivePrefix  = "arXiv",
	primaryClass   = "hep-ph",
	SLACcitation   = "%%CITATION = ARXIV:1811.01948;%%"
}
@article{Kainulainen:2001cn,
      author         = "Kainulainen, Kimmo and Prokopec, Tomislav and Schmidt,
                        Michael G. and Weinstock, Steffen",
      title          = "{First principle derivation of semiclassical force for
                        electroweak baryogenesis}",
      journal        = "JHEP",
      volume         = "06",
      year           = "2001",
      pages          = "031",
      doi            = "10.1088/1126-6708/2001/06/031",
      eprint         = "hep-ph/0105295",
      archivePrefix  = "arXiv",
      primaryClass   = "hep-ph",
      reportNumber   = "HD-THEP-01-23, NORDITA-2001-9-HE",
      SLACcitation   = "%%CITATION = HEP-PH/0105295;%%"
}

@article{Chung:2009qs,
      author         = "Chung, Daniel J. H. and Garbrecht, Bjorn and
                        Ramsey-Musolf, Michael.J. and Tulin, Sean",
      title          = "{Supergauge interactions and electroweak baryogenesis}",
      journal        = "JHEP",
      volume         = "12",
      year           = "2009",
      pages          = "067",
      doi            = "10.1088/1126-6708/2009/12/067",
      eprint         = "0908.2187",
      archivePrefix  = "arXiv",
      primaryClass   = "hep-ph",
      reportNumber   = "NPAC-09-11",
      SLACcitation   = "%%CITATION = ARXIV:0908.2187;%%"
}
@article{White:2015bva,
      author         = "White, G. A.",
      title          = "{General analytic methods for solving coupled transport
                        equations: From cosmology to beyond}",
      journal        = "Phys. Rev.",
      volume         = "D93",
      year           = "2016",
      number         = "4",
      pages          = "043504",
      doi            = "10.1103/PhysRevD.93.043504",
      eprint         = "1510.03901",
      archivePrefix  = "arXiv",
      primaryClass   = "hep-ph",
      SLACcitation   = "%%CITATION = ARXIV:1510.03901;%%"
}
@article{Cirigliano:2009yt,
      author         = "Cirigliano, Vincenzo and Lee, Christopher and
                        Ramsey-Musolf, Michael J. and Tulin, Sean",
      title          = "{Flavored Quantum Boltzmann Equations}",
      journal        = "Phys. Rev.",
      volume         = "D81",
      year           = "2010",
      pages          = "103503",
      doi            = "10.1103/PhysRevD.81.103503",
      eprint         = "0912.3523",
      archivePrefix  = "arXiv",
      primaryClass   = "hep-ph",
      reportNumber   = "NPAC-09-16, UCB-PTH-09-37",
      SLACcitation   = "%%CITATION = ARXIV:0912.3523;%%"
}
@article{Cirigliano:2011di,
      author         = "Cirigliano, Vincenzo and Lee, Christopher and Tulin,
                        Sean",
      title          = "{Resonant Flavor Oscillations in Electroweak
                        Baryogenesis}",
      journal        = "Phys. Rev.",
      volume         = "D84",
      year           = "2011",
      pages          = "056006",
      doi            = "10.1103/PhysRevD.84.056006",
      eprint         = "1106.0747",
      archivePrefix  = "arXiv",
      primaryClass   = "hep-ph",
      reportNumber   = "MIT-CTP-4269",
      SLACcitation   = "%%CITATION = ARXIV:1106.0747;%%"
}
@article{Basler:2018cwe,
      author         = "Basler, Philipp and M√ºhlleitner, Margarete",
      title          = "{BSMPT - Beyond the Standard Model Phase Transitions -A
                        Tool for the Electroweak Phase Transition in Extended
                        Higgs Sectors}",
      year           = "2018",
      eprint         = "1803.02846",
      archivePrefix  = "arXiv",
      primaryClass   = "hep-ph",
      SLACcitation   = "%%CITATION = ARXIV:1803.02846;%%"
}

@article{Vaskonen:2016yiu,
	author         = "Vaskonen, Ville",
	title          = "{Electroweak baryogenesis and gravitational waves from a
	real scalar singlet}",
	journal        = "Phys. Rev.",
	volume         = "D95",
	year           = "2017",
	number         = "12",
	pages          = "123515",
	doi            = "10.1103/PhysRevD.95.123515",
	eprint         = "1611.02073",
	archivePrefix  = "arXiv",
	primaryClass   = "hep-ph",
	SLACcitation   = "%%CITATION = ARXIV:1611.02073;%%"
}